<record><leader>00000cas a2200000 a 4500</leader><controlfield tag="001">34964472</controlfield><controlfield tag="008">960620c188u9999miuwr ne      0    0eng c</controlfield><datafield ind1=" " ind2=" " tag="010"><subfield code="a">sn 96076724 </subfield></datafield><datafield ind1=" " ind2=" " tag="040"><subfield code="a">MHN</subfield><subfield code="b">eng</subfield><subfield code="c">MHN</subfield><subfield code="d">OCL</subfield><subfield code="d">OCLCQ</subfield><subfield code="d">OCLCF</subfield><subfield code="d">OCLCO</subfield></datafield><datafield ind1="1" ind2=" " tag="029"><subfield code="a">AU@</subfield><subfield code="b">000012570489</subfield></datafield><datafield ind1=" " ind2=" " tag="042"><subfield code="a">pcc</subfield></datafield><datafield ind1=" " ind2=" " tag="043"><subfield code="a">n-us-mi</subfield></datafield><datafield ind1="0" ind2="0" tag="245"><subfield code="a">Tuscola County advertiser.</subfield></datafield><datafield ind1=" " ind2=" " tag="260"><subfield code="a">Caro, Mich. :</subfield><subfield code="b">Fred Slocum</subfield></datafield><datafield ind1=" " ind2=" " tag="300"><subfield code="a">v.</subfield></datafield><datafield ind1=" " ind2=" " tag="310"><subfield code="a">Weekly</subfield></datafield><datafield ind1="0" ind2=" " tag="362"><subfield code="a">-v. 46, no. 52 (Aug. 20, 1915) = whole no. 1505 ; 47th yr., no. 1 (Aug. 27, 1915) = whole no. 1506-</subfield></datafield><datafield ind1=" " ind2=" " tag="588"><subfield code="a">Description based on: Vol. 17, no. 1 (Aug. 30, 1884) = whole no. 838.</subfield></datafield><datafield ind1=" " ind2="0" tag="651"><subfield code="a">Caro (Mich.)</subfield><subfield code="v">Newspapers.</subfield></datafield><datafield ind1=" " ind2="0" tag="651"><subfield code="a">Tuscola County (Mich.)</subfield><subfield code="v">Newspapers.</subfield></datafield><datafield ind1=" " ind2="7" tag="655"><subfield code="a">Newspapers.</subfield><subfield code="2">fast</subfield><subfield code="0">(OCoLC)fst01423814</subfield></datafield><datafield ind1=" " ind2="7" tag="651"><subfield code="a">Michigan</subfield><subfield code="z">Caro.</subfield><subfield code="2">fast</subfield><subfield code="0">(OCoLC)fst01219724</subfield></datafield><datafield ind1=" " ind2="7" tag="651"><subfield code="a">Michigan</subfield><subfield code="z">Tuscola County.</subfield><subfield code="2">fast</subfield><subfield code="0">(OCoLC)fst01214777</subfield></datafield><datafield ind1=" " ind2=" " tag="752"><subfield code="a">United States</subfield><subfield code="b">Michigan</subfield><subfield code="c">Tuscola</subfield><subfield code="d">Caro.</subfield></datafield><datafield ind1="0" ind2="0" tag="780"><subfield code="t">Tuscola advertiser</subfield><subfield code="w">(DLC)sn 85033583</subfield><subfield code="w">(OCoLC)12077036</subfield></datafield></record>